<?xml version="1.0" encoding="UTF-8"?><collection xmlns="http://www.loc.gov/MARC21/slim"><record><leader>00395nam--2200133-i-4500</leader><controlfield tag="001">000017669</controlfield><controlfield tag="002">20161230</controlfield><controlfield tag="005">20161230201032</controlfield><controlfield tag="008">060222s1000------------r-----000-0-eng-d</controlfield><datafield ind1=" " ind2=" " tag="080"><subfield code="a">62-52</subfield></datafield><datafield ind1=" " ind2=" " tag="245"><subfield code="a">Spring joint computer conference, april 30- may 2, 1968, atlantic city, new jersey</subfield></datafield><datafield ind1=" " ind2=" " tag="260"><subfield code="a">Washington, Thompson Book Co., 1968 534 P</subfield></datafield><datafield ind1=" " ind2=" " tag="490"><subfield code="a">Afips Conference Proceedings</subfield></datafield><datafield ind1=" " ind2=" " tag="852"><subfield code="a">24175</subfield></datafield></record></collection>